@Book{knuth-aocp,
  author = 	 {Donald Knuth},
  ALTeditor = 	 {},
  title = 	 {The Art of Computer Programming, Vols 1 to 4},
  publisher = 	 {Addison-Wesley},
  year = 	 {1968--2010},
  OPTkey = 	 {},
  OPTvolume = 	 {},
  OPTnumber = 	 {},
  OPTseries = 	 {},
  OPTaddress = 	 {},
  OPTedition = 	 {},
  OPTmonth = 	 {},
  note = 	 {A classic in computer science},
  OPTannote = 	 {}
}

@Article{einstein-1905a,
  author = 	 {},
  title = 	 {},
  journal = 	 {},
  year = 	 {},
  OPTkey = 	 {},
  OPTvolume = 	 {},
  OPTnumber = 	 {},
  OPTpages = 	 {},
  OPTmonth = 	 {},
  OPTnote = 	 {},
  OPTannote = 	 {}
}

